@article{panch2018artificial,
  title={Artificial intelligence, machine learning and health systems},
  author={Panch, Trishan and Szolovits, Peter and Atun, Rifat},
  journal={Journal of global health},
  volume={8},
  number={2},
  year={2018},
  publisher={Edinburgh University Global Health Society}
}

@article{wang2016deep,
  title={Deep learning for identifying metastatic breast cancer},
  author={Wang, Dayong and Khosla, Aditya and Gargeya, Rishab and Irshad, Humayun and Beck, Andrew H},
  journal={arXiv preprint arXiv:1606.05718},
  year={2016}
}

@misc{Dua:2019 ,
author = "Dua, Dheeru and Graff, Casey",
year = "2017",
title = "{UCI} Machine Learning Repository",
url = "http://archive.ics.uci.edu/ml",
institution = "University of California, Irvine, School of Information and Computer Sciences" 
}

@article{litjens20181399,
  title={1399 H\&E-stained sentinel lymph node sections of breast cancer patients: the CAMELYON dataset},
  author={Litjens, Geert and Bandi, Peter and Ehteshami Bejnordi, Babak and Geessink, Oscar and Balkenhol, Maschenka and Bult, Peter and Halilovic, Altuna and Hermsen, Meyke and van de Loo, Rob and Vogels, Rob and others},
  journal={GigaScience},
  volume={7},
  number={6},
  pages={giy065},
  year={2018},
  publisher={Oxford University Press}
}

@article{lee2017curated,
  title={A curated mammography data set for use in computer-aided detection and diagnosis research},
  author={Lee, Rebecca Sawyer and Gimenez, Francisco and Hoogi, Assaf and Miyake, Kanae Kawai and Gorovoy, Mia and Rubin, Daniel L},
  journal={Scientific data},
  volume={4},
  pages={170177},
  year={2017},
  publisher={Nature Publishing Group}
}

@article{de2018clinically,
  title={Clinically applicable deep learning for diagnosis and referral in retinal disease},
  author={De Fauw, Jeffrey and Ledsam, Joseph R and Romera-Paredes, Bernardino and Nikolov, Stanislav and Tomasev, Nenad and Blackwell, Sam and Askham, Harry and Glorot, Xavier and Oâ€™Donoghue, Brendan and Visentin, Daniel and others},
  journal={Nature medicine},
  volume={24},
  number={9},
  pages={1342},
  year={2018},
  publisher={Nature Publishing Group}
}

@article{goldenberg2019new,
  title={A new era: artificial intelligence and machine learning in prostate cancer},
  author={Goldenberg, S Larry and Nir, Guy and Salcudean, Septimiu E},
  journal={Nature Reviews Urology},
  pages={1},
  year={2019},
  publisher={Nature Publishing Group}
}

@inproceedings{street1993nuclear,
  title={Nuclear feature extraction for breast tumor diagnosis},
  author={Street, W Nick and Wolberg, William H and Mangasarian, Olvi L},
  booktitle={Biomedical image processing and biomedical visualization},
  volume={1905},
  pages={861--870},
  year={1993},
  organization={International Society for Optics and Photonics}
}

@article{mangasarian1993mathematical,
  title={Mathematical programming in neural networks},
  author={Mangasarian, Olvi L},
  journal={ORSA Journal on Computing},
  volume={5},
  number={4},
  pages={349--360},
  year={1993},
  publisher={INFORMS}
}

@online{NickStreetWebsite,
  author = {Nick Street},
  title = {Personal Website},
  year = 2019,
  url = {https://dollar.biz.uiowa.edu/~street/},
  urldate = {2019-12-11}
}

@inproceedings{chen2016xgboost,
  title={Xgboost: A scalable tree boosting system},
  author={Chen, Tianqi and Guestrin, Carlos},
  booktitle={Proceedings of the 22nd acm sigkdd international conference on knowledge discovery and data mining},
  pages={785--794},
  year={2016},
  organization={ACM}
}

@article{scikit-learn,
 title={{Scikit-learn: Machine Learning in Python }},
 author={Pedregosa, F. and Varoquaux, G. and Gramfort, A. and Michel, V.
         and Thirion, B. and Grisel, O. and Blondel, M. and Prettenhofer, P.
         and Weiss, R. and Dubourg, V. and Vanderplas, J. and Passos, A. and
         Cournapeau, D. and Brucher, M. and Perrot, M. and Duchesnay, E.},
 journal={Journal of Machine Learning Research},
 volume={12},
 pages={2825--2830},
 year={2011}
}

@misc{chollet2015keras,
  title={Keras},
  author={Chollet, Fran\c{c}ois and others},
  year={2015},
  howpublished={\url{https://keras.io}},
}

@inproceedings{raghu2019transfusion,
  title={Transfusion: Understanding transfer learning for medical imaging},
  author={Raghu, Maithra and Zhang, Chiyuan and Kleinberg, Jon and Bengio, Samy},
  booktitle={Advances in Neural Information Processing Systems},
  pages={3342--3352},
  year={2019}
}